@inproceedings{medmnistv1_2021,
    title={MedMNIST Classification Decathlon: A Lightweight AutoML Benchmark for Medical Image Analysis},
    author={Yang, Jiancheng and Shi, Rui and Ni, Bingbing},
    booktitle={IEEE 18th International Symposium on Biomedical Imaging (ISBI)},
    pages={191--195},
    year={2021}
}

@ARTICLE{texture_feature_humeau_2019,
  author={Humeau-Heurtier, Anne},
  journal={IEEE Access}, 
  title={Texture Feature Extraction Methods: A Survey}, 
  year={2019},
  volume={7},
  number={},
  pages={8975-9000},
  keywords={Feature extraction;Histograms;Symmetric matrices;Entropy;Image segmentation;Transforms;Remote sensing;Classification;feature extraction;image processing;image synthesis;segmentation;shape from texture;texture},
  doi={10.1109/ACCESS.2018.2890743}}
